@article{HCHFC21,
	author = {Huang, Chun-Ying and Cheng, Yun-Chen and Huang, Guan-Zhang and Fan, Ching-Ling and Hsu, Cheng-Hsin},
	title = {On the Performance Comparisons of Native and Clientless Real-Time Screen-Sharing Technologies},
	year = {2021},
	issue_date = {June 2021},
	publisher = {Association for Computing Machinery},
	address = {New York, NY, USA},
	volume = {17},
	number = {2},
	issn = {1551-6857},
	url = {https://doi.org/10.1145/3437881},
	doi = {10.1145/3437881},
	journal = {ACM Transactions on Multimedia Computing, Communications, and Applications},
	month = may,
	articleno = {54},
	numpages = {26},
	keywords = {Live video streaming, measurements, performance evaluations, real-time encoding, performance optimization}
}

@Misc{soc-superheroes-win,
    url={https://www.sans.org/webcasts/soc-superheroes-win-110655},
    author={Sinno, Salvatore and Cervantes, Ismael},
    year={2019}
}

@Misc{powershellempire,
    title={PowerShell Empire},
    author={Will, Schroeder and Justin, Warner and Matt Nelson},
    year={2015},
    url={https://www.powershellempire.com/}
}

@Misc{metasploit,
    title={Penetration Testing Software, Pen Testing Security},
    author={Rapid7 LLC},
    year={2013},
    url={https://www.metasploit.com/}
}

@misc{mimikatz,
    title={Mimikatz},
    url={https://github.com/gentilkiwi/mimikatz},
    author={Benjamin, Delpy and Vincent Letoux},
    year={2014}
}

@Misc{juicy-potato,
    title={Juicy Potato (abusing the golden privileges)},
    author={Andrea, Pierini and Giuseppe, Trotta},
    year={2018},
    url={https://github.com/ohpe/juicy-potato}
}

@Misc{RottenPotatoNG,
    title={RottenPotatoNG},
    author={Stephen, Breen},
    year={2017},
    url={https://github.com/breenmachine/RottenPotatoNG}
}

@Misc{virustotal,
    title={VirusTotal},
    author={Hispasec, Sistemas},
    year={2004},
    url={https://www.virustotal.com/}
}

@article{scikit-learn,
 title={Scikit-learn: Machine Learning in {P}ython},
 author={Pedregosa, F. and Varoquaux, G. and Gramfort, A. and Michel, V.
         and Thirion, B. and Grisel, O. and Blondel, M. and Prettenhofer, P.
         and Weiss, R. and Dubourg, V. and Vanderplas, J. and Passos, A. and
         Cournapeau, D. and Brucher, M. and Perrot, M. and Duchesnay, E.},
 journal={Journal of Machine Learning Research},
 volume={12},
 pages={2825--2830},
 year={2011}
}

@book{bird2009natural,
  title={Natural language processing with Python: analyzing text with the natural language toolkit},
  author={Bird, Steven and Klein, Ewan and Loper, Edward},
  year={2009},
  publisher={" O'Reilly Media, Inc."}
}

@Misc{neo4j,
    title={Neo4j Graph Platform â€“ The Leader in Graph Databases},
    author={Neo4j},
    year={2007},
    url={https://neo4j.com/}
}

@article{zachary1977information,
  title={An information flow model for conflict and fission in small groups},
  author={Zachary, Wayne W},
  journal={Journal of anthropological research},
  volume={33},
  number={4},
  pages={452--473},
  year={1977},
  publisher={University of New Mexico}
}

@inproceedings{shu2018threat,
  title={Threat intelligence computing},
  author={Shu, Xiaokui and Araujo, Frederico and Schales, Douglas L and Stoecklin, Marc Ph and Jang, Jiyong and Huang, Heqing and Rao, Josyula R},
  booktitle={Proceedings of the 2018 ACM SIGSAC Conference on Computer and Communications Security},
  pages={1883--1898},
  year={2018}
}

@inproceedings{milajerdi2019holmes,
  title={Holmes: real-time apt detection through correlation of suspicious information flows},
  author={Milajerdi, Sadegh M and Gjomemo, Rigel and Eshete, Birhanu and Sekar, Ramachandran and Venkatakrishnan, VN},
  booktitle={2019 IEEE Symposium on Security and Privacy (SP)},
  pages={1137--1152},
  year={2019},
  organization={IEEE}
}

@article{xiong2020conan,
  title={CONAN: A Practical Real-time APT Detection System with High Accuracy and Efficiency},
  author={Xiong, Chunlin and Zhu, Tiantian and Dong, Weihao and Ruan, Linqi and Yang, Runqing and Chen, Yan and Cheng, Yueqiang and Cheng, Shuai and Chen, Xutong},
  journal={IEEE Transactions on Dependable and Secure Computing},
  year={2020},
  publisher={IEEE}
}

@article{li2020threat,
  title={Threat Detection and Investigation with System-level Provenance Graphs: A Survey},
  author={Li, Zhenyuan and Chen, Qi Alfred and Yang, Runqing and Chen, Yan},
  journal={arXiv preprint arXiv:2006.01722},
  year={2020}
}

@inproceedings{han2018provenance,
  title={Provenance-based intrusion detection: opportunities and challenges},
  author={Han, Xueyuan and Pasquier, Thomas and Seltzer, Margo},
  booktitle={Proceedings of the 10th {USENIX} Workshop on the Theory and Practice of Provenance ({TaPP} 2018)},
  year={2018}
}

@article{tatam2021review,
  title={A review of threat modelling approaches for APT-style attacks},
  author={Tatam, Matt and Shanmugam, Bharanidharan and Azam, Sami and Kannoorpatti, Krishnan},
  journal={Heliyon},
  volume={7},
  number={1},
  pages={e05969},
  year={2021},
  publisher={Elsevier}
}

@article{dias2020big,
  title={Big data analytics for intrusion detection: an overview},
  author={Dias, Luis Filipe and Correia, Miguel},
  journal={Handbook of Research on Machine and Deep Learning Applications for Cyber Security},
  pages={292--316},
  year={2020},
  publisher={IGI Global}
}

@inproceedings{jenkinson2017applying,
  title={Applying provenance in APT monitoring and analysis},
  author={Jenkinson, Graeme and Carata, Lucian and Balakrishnan, Nikilesh and Bytheway, Thomas and Sohan, Ripduman and Watson, R and Anderson, Jonathan and Kidney, Brian and Strnad, Amanda and Thomas, Arun and others},
  booktitle={Proceedings of {USENIX} Workshop on Theory Practice Provenance},
  pages={16--16},
  year={2017}
}

@inproceedings{ma2018kernel,
  title={Kernel-supported cost-effective audit logging for causality tracking},
  author={Ma, Shiqing and Zhai, Juan and Kwon, Yonghwi and Lee, Kyu Hyung and Zhang, Xiangyu and Ciocarlie, Gabriela and Gehani, Ashish and Yegneswaran, Vinod and Xu, Dongyan and Jha, Somesh},
  booktitle={Proceedings of {USENIX} Annual Technical Conference ({USENIX} {ATC} 18)},
  pages={241--254},
  year={2018}
}

@article{fazzini2017tagging,
  title={Tagging and Tracking of Multi-level Host Events for Transparent Computing},
  author={Fazzini, Mattia},
  year={2017},
  publisher={Georgia Institute of Technology}
}

@inproceedings{gehani2012spade,
  title={SPADE: Support for provenance auditing in distributed environments},
  author={Gehani, Ashish and Tariq, Dawood},
  booktitle={Proceedings of ACM/IFIP/USENIX International Conference on Distributed Systems Platforms and Open Distributed Processing},
  pages={101--120},
  year={2012},
  organization={Springer}
}

@inproceedings{hassan2020omegalog,
  title={OmegaLog: High-fidelity attack investigation via transparent multi-layer log analysis},
  author={Hassan, Wajih Ul and Noureddine, Mohammad Ali and Datta, Pubali and Bates, Adam},
  booktitle={Proceedings of Network and Distributed System Security Symposium},
  year={2020}
}

@inproceedings{ma2017mpi,
  title={{MPI}: Multiple perspective attack investigation with semantic aware execution partitioning},
  author={Ma, Shiqing and Zhai, Juan and Wang, Fei and Lee, Kyu Hyung and Zhang, Xiangyu and Xu, Dongyan},
  booktitle={Proceedings of the 26th {USENIX} Security Symposium ({USENIX} Security 17)},
  pages={1111--1128},
  year={2017}
}

@inproceedings{hossain2020combating,
  title={Combating dependence explosion in forensic analysis using alternative tag propagation semantics},
  author={Hossain, Md Nahid and Sheikhi, Sanaz and Sekar, R},
  booktitle={Proceedings of 2020 IEEE Symposium on Security and Privacy (SP)},
  pages={1139--1155},
  year={2020},
  organization={IEEE}
}

@inproceedings{milajerdi2018propatrol,
  title={Propatrol: Attack investigation via extracted high-level tasks},
  author={Milajerdi, Sadegh M and Eshete, Birhanu and Gjomemo, Rigel and Venkatakrishnan, Venkat N},
  booktitle={Proceedings of International Conference on Information Systems Security},
  pages={107--126},
  year={2018},
  organization={Springer}
}

@inproceedings{liu2019log2vec,
  title={Log2vec: a heterogeneous graph embedding based approach for detecting cyber threats within enterprise},
  author={Liu, Fucheng and Wen, Yu and Zhang, Dongxue and Jiang, Xihe and Xing, Xinyu and Meng, Dan},
  booktitle={Proceedings of the 2019 ACM SIGSAC Conference on Computer and Communications Security},
  pages={1777--1794},
  year={2019}
}

@article{han2020unicorn,
  title={Unicorn: Runtime provenance-based detector for advanced persistent threats},
  author={Han, Xueyuan and Pasquier, Thomas and Bates, Adam and Mickens, James and Seltzer, Margo},
  journal={arXiv preprint arXiv:2001.01525},
  year={2020}
}

@inproceedings{milajerdi2019poirot,
  title={Poirot: Aligning attack behavior with kernel audit records for cyber threat hunting},
  author={Milajerdi, Sadegh M and Eshete, Birhanu and Gjomemo, Rigel and Venkatakrishnan, VN},
  booktitle={Proceedings of the 2019 ACM SIGSAC Conference on Computer and Communications Security},
  pages={1795--1812},
  year={2019}
}

@article{alsaheelatlas,
  title={ATLAS: A Sequence-based Learning Approach for Attack Investigation},
  author={Alsaheel, Abdulellah and Nan, Yuhong and Ma, Shiqing and Yu, Le and Walkup, Gregory and Celik, Z Berkay and Zhang, Xiangyu and Xu, Dongyan}
}

@inproceedings{bowman2020detecting,
  title={Detecting Lateral Movement in Enterprise Computer Networks with Unsupervised Graph $\{$AI$\}$},
  author={Bowman, Benjamin and Laprade, Craig and Ji, Yuede and Huang, H Howie},
  booktitle={Proceedings of the 23rd International Symposium on Research in Attacks, Intrusions and Defenses ($\{$RAID$\}$ 2020)},
  pages={257--268},
  year={2020}
}

@inproceedings{leichtnam2020sec2graph,
  title={Sec2graph: Network attack detection based on novelty detection on graph structured data},
  author={Leichtnam, Laetitia and Totel, Eric and Prigent, Nicolas and M{\'e}, Ludovic},
  booktitle={Proceedings of International Conference on Detection of Intrusions and Malware, and Vulnerability Assessment},
  pages={238--258},
  year={2020},
  organization={Springer}
}

@inproceedings{barre2019mining,
  title={Mining data provenance to detect advanced persistent threats},
  author={Barre, Mathieu and Gehani, Ashish and Yegneswaran, Vinod},
  booktitle={Proceedings of the 11th International Workshop on Theory and Practice of Provenance (TaPP 2019)},
  year={2019}
}

@inproceedings{bai2019machine,
  title={A machine learning approach for rdp-based lateral movement detection},
  author={Bai, Tim and Bian, Haibo and Abou Daya, Abbas and Salahuddin, Mohammad A and Limam, Noura and Boutaba, Raouf},
  booktitle={Proceedings of IEEE 44th Conference on Local Computer Networks (LCN)},
  pages={242--245},
  year={2019},
  organization={IEEE}
}

@article{cao2019preempting,
  title={On preempting advanced persistent threats using probabilistic graphical models},
  author={Cao, Phuong},
  journal={arXiv preprint arXiv:1903.08826},
  year={2019}
}

@inproceedings{yu2019needle,
  title={Needle in a haystack: attack detection from large-scale system audit},
  author={Yu, Han and Li, Aiping and Jiang, Rong},
  booktitle={Proceedings of IEEE 19th International Conference on Communication Technology (ICCT)},
  pages={1418--1426},
  year={2019},
  organization={IEEE}
}

@inproceedings{du2017deeplog,
  title={Deeplog: Anomaly detection and diagnosis from system logs through deep learning},
  author={Du, Min and Li, Feifei and Zheng, Guineng and Srikumar, Vivek},
  booktitle={Proceedings of ACM SIGSAC Conference on Computer and Communications Security},
  pages={1285--1298},
  year={2017}
}

@article{schindler2018anomaly,
  title={Anomaly detection in log data using graph databases and machine learning to defend advanced persistent threats},
  author={Schindler, Timo},
  journal={arXiv preprint arXiv:1802.00259},
  year={2018}
}

@inproceedings{yuan2020ada,
  title={Ada: Adaptive deep log anomaly detector},
  author={Yuan, Yali and Adhatarao, Sripriya Srikant and Lin, Mingkai and Yuan, Yachao and Liu, Zheli and Fu, Xiaoming},
  booktitle={Proceedings of IEEE Conference on Computer Communications {INFOCOM}},
  pages={2449--2458},
  year={2020},
  organization={IEEE}
}

@inproceedings{hassan2020tactical,
  title={Tactical provenance analysis for endpoint detection and response systems},
  author={Hassan, Wajih Ul and Bates, Adam and Marino, Daniel},
  booktitle={Proceedings of 2020 IEEE Symposium on Security and Privacy ({SP})},
  pages={1172--1189},
  year={2020},
  organization={IEEE}
}

@inproceedings{shen2019attack2vec,
  title={Attack2vec: Leveraging temporal word embeddings to understand the evolution of cyberattacks},
  author={Shen, Yun and Stringhini, Gianluca},
  booktitle={Proceedings of the 28th {USENIX} Security Symposium ({USENIX} Security 19)},
  pages={905--921},
  year={2019}
}

@inproceedings{zou2020automatic,
  title={Automatic recognition of advanced persistent threat tactics for enterprise security},
  author={Zou, Qingtian and Singhal, Anoop and Sun, Xiaoyan and Liu, Peng},
  booktitle={Proceedings of the 6th International Workshop on Security and Privacy Analytics},
  pages={43--52},
  year={2020}
}

@Misc{sigma,
    title={Sigma: Generic Signature Format for SIEM Systems},
    author={Florian Roth},
    year={2017},
    url={https://github.com/Neo23x0/sigma}
}

@Misc{mitre-apt3,
    title={APT3 EVALUATION: OPERATIONAL FLOW},
    author={MITRE ATT\&CK},
    year={2019},
    url={https://attackevals.mitre-engenuity.org/APT3/operational-flow.html}
}
